@article{Vigneshwaran2020Tracking,
  author    = {K. Vigneshwaran and S. Sumithra and R. Janani},
  title     = {An Intelligent Tracking System Based on GSM and GPS Using Smartphones},
  journal   = {International Journal of Advanced Research in Computer Science},
  volume    = {4},
  number    = {5},
  year      = {2020},
  month     = {May}
}

@article{Borgia2020IoT,
  author    = {E. Borgia and D. G. Gomes and B. Lagesse and R. Lea and D. Puccinelli},
  title     = {Special Issue on 'Internet of Things: Research Challenges and Solutions'},
  journal   = {Computer Communications},
  volume    = {89-90},
  pages     = {1-4},
  year      = {2020}
}

@inproceedings{Jatti2021IoTSafety,
  author    = {Anand Jatti and Madhvi Kannan and Alisha RM and Vijayalakshmi P and Shrestha Sinha},
  title     = {Design and Development of an IoT-Based Wearable Device for the Safety and Security of Women and Girl Children},
  booktitle = {IEEE International Conference on Electronics Information Communication Technology},
  year      = {2021},
  month     = {May},
  address   = {India}
}

@article{Zhao2019GPSBluetooth,
  author    = {Y. Zhao and H. Wang},
  title     = {GPS and Bluetooth Fusion for Real-Time Location Tracking in Indoor and Outdoor Environments},
  journal   = {IEEE Sensors Journal},
  volume    = {19},
  number    = {6},
  pages     = {2456-2465},
  year      = {2019}
}

@inproceedings{Kumar2022Wearable,
  author    = {A. Kumar and S. Mehta and J. Thomas},
  title     = {A Wearable Safety Device Using GPS, GSM, and Bluetooth for Women Security},
  booktitle = {Proceedings of the 2022 International Conference on Smart Systems},
  year      = {2022}
}

@article{Ahmed2021GeoFence,
  author    = {M. Ahmed and L. Chen},
  title     = {Geo-Fencing and Location-Based Alerts Using IoT and GPS},
  journal   = {International Journal of Computer Applications},
  volume    = {183},
  number    = {15},
  pages     = {10-16},
  year      = {2021}
}

@article{Patel2020BluetoothMesh,
  author    = {R. Patel and K. Desai},
  title     = {Bluetooth Mesh Network for IoT-Based Tracking Systems},
  journal   = {Wireless Communications and Mobile Computing},
  volume    = {2020},
  pages     = {1-9},
  year      = {2020}
}

@inproceedings{Chen2021IoTCloud,
  author    = {X. Chen and Y. Li},
  title     = {Cloud-Connected IoT Tracking System with GPS and Bluetooth},
  booktitle = {2021 IEEE Conference on IoT and Cloud Computing},
  year      = {2021}
}

@article{Singh2021BLETracking,
  author    = {R. Singh and P. Sharma},
  title     = {Bluetooth Low Energy for Location Tracking in Smart Environments},
  journal   = {IoT Journal},
  volume    = {8},
  number    = {2},
  pages     = {120-130},
  year      = {2021}
}

@article{Das2022WearableSafety,
  author    = {S. Das and T. Banerjee},
  title     = {Wearable Safety Devices Using IoT for Personal Security},
  journal   = {Future Internet},
  volume    = {14},
  number    = {3},
  pages     = {35-50},
  year      = {2022}
}

@article{Lee2019SmartTracking,
  author    = {J. Lee and C. Kim},
  title     = {Smart Wearable Devices for Location Tracking and Safety Applications},
  journal   = {IEEE Access},
  volume    = {7},
  pages     = {13829-13840},
  year      = {2019}
}

@article{Wang2020GPSFusion,
  author    = {X. Wang and T. Liu},
  title     = {GPS and Wi-Fi Fusion-Based Tracking for Smart Environments},
  journal   = {Sensors},
  volume    = {20},
  number    = {10},
  pages     = {2895},
  year      = {2020}
}

@article{Raj2021WomenSafety,
  author    = {R. Raj and S. Prakash},
  title     = {IoT-Based Womenâ€™s Safety System Using GPS and Bluetooth Technology},
  journal   = {International Journal of Engineering Research},
  volume    = {15},
  number    = {3},
  pages     = {245-250},
  year      = {2021}
}

@article{Thomas2022IoTSecurity,
  author    = {A. Thomas and N. Bose},
  title     = {IoT Security Challenges in GPS-Based Tracking Systems},
  journal   = {Cybersecurity Journal},
  volume    = {5},
  number    = {2},
  pages     = {78-90},
  year      = {2022}
}

@inproceedings{Park2021GeoTagging,
  author    = {S. Park and H. Lee},
  title     = {Geo-Tagging and Tracking for Emergency Response Systems},
  booktitle = {Proceedings of the International Conference on Smart Cities},
  year      = {2021}
}

@article{Xie2020RFIDIoT,
  author    = {B. Xie and L. Zhang},
  title     = {RFID and IoT-Based Tracking Systems: A Review},
  journal   = {Wireless Sensor Networks},
  volume    = {12},
  number    = {4},
  pages     = {115-130},
  year      = {2020}
}

@article{Gupta2021SmartHomeTracking,
  author    = {R. Gupta and A. Sen},
  title     = {Smart Home Tracking Systems Using Bluetooth and AI},
  journal   = {IoT Applications Journal},
  volume    = {9},
  number    = {1},
  pages     = {30-40},
  year      = {2021}
}

@article{Martinez2022IoTDataAnalysis,
  author    = {J. Martinez and E. Gonzalez},
  title     = {Big Data Analysis for IoT-Based GPS and Bluetooth Tracking Systems},
  journal   = {Data Science Journal},
  volume    = {16},
  pages     = {125-138},
  year      = {2022}
}
